{
  "recommendations": [
    {
      "datetime": "2026-01-27 04:00",
      "region": "europe-north2",
      "carbon_intensity": 14,
      "transfer_cost_usd": 0.002,
      "emissions_grams": 0.07,
      "priority": 1,
      "reasoning": "Choosing europe-north2. europe-north2 costs $7.30/year more (vs us-east1: $0.00/year) but saves 3.06kg CO2/year (vs us-east1: 3.20kg CO2/year). This translates to an excellent cost-effectiveness of $2.39/kg CO2 avoided, making it a strong choice for 'BALANCED' priority. Further emissions reductions from europe-north2 to europe-north2 are not applicable as it is already the cleanest option."
    },
    {
      "datetime": "2026-01-26 23:00",
      "region": "europe-north2",
      "carbon_intensity": 15,
      "transfer_cost_usd": 0.002,
      "emissions_grams": 0.07,
      "priority": 2,
      "reasoning": "Choosing europe-north2. europe-north2 costs $7.30/year more (vs us-east1: $0.00/year) but saves 3.31kg CO2/year (vs us-east1: 3.45kg CO2/year). This translates to an excellent cost-effectiveness of $2.20/kg CO2 avoided, making it a strong choice for 'BALANCED' priority. Further emissions reductions from europe-north2 to europe-north2 are not applicable as it is already the cleanest option."
    },
    {
      "datetime": "2026-01-27 05:00",
      "region": "europe-north2",
      "carbon_intensity": 16,
      "transfer_cost_usd": 0.002,
      "emissions_grams": 0.07,
      "priority": 3,
      "reasoning": "Choosing europe-north2. europe-north2 costs $7.30/year more (vs us-east1: $0.00/year) but saves 3.03kg CO2/year (vs us-east1: 3.17kg CO2/year). This translates to an excellent cost-effectiveness of $2.41/kg CO2 avoided, making it a strong choice for 'BALANCED' priority. Further emissions reductions from europe-north2 to europe-north2 are not applicable as it is already the cleanest option."
    },
    {
      "datetime": "2026-01-27 02:00",
      "region": "europe-north2",
      "carbon_intensity": 16,
      "transfer_cost_usd": 0.002,
      "emissions_grams": 0.07,
      "priority": 4,
      "reasoning": "Choosing europe-north2. europe-north2 costs $7.30/year more (vs us-east1: $0.00/year) but saves 3.29kg CO2/year (vs us-east1: 3.43kg CO2/year). This translates to an excellent cost-effectiveness of $2.22/kg CO2 avoided, making it a strong choice for 'BALANCED' priority. Further emissions reductions from europe-north2 to europe-north2 are not applicable as it is already the cleanest option."
    },
    {
      "datetime": "2026-01-26 14:00",
      "region": "europe-north2",
      "carbon_intensity": 17,
      "transfer_cost_usd": 0.002,
      "emissions_grams": 0.07,
      "priority": 5,
      "reasoning": "Choosing europe-north2. europe-north2 costs $7.30/year more (vs us-east1: $0.00/year) but saves 2.65kg CO2/year (vs us-east1: 2.79kg CO2/year). This translates to an excellent cost-effectiveness of $2.75/kg CO2 avoided, making it a strong choice for 'BALANCED' priority. Further emissions reductions from europe-north2 to europe-north2 are not applicable as it is already the cleanest option."
    },
    {
      "datetime": "2026-01-26 17:00",
      "region": "europe-north2",
      "carbon_intensity": 17,
      "transfer_cost_usd": 0.002,
      "emissions_grams": 0.07,
      "priority": 6,
      "reasoning": "Choosing europe-north2. europe-north2 costs $7.30/year more (vs us-east1: $0.00/year) but saves 2.67kg CO2/year (vs us-east1: 2.81kg CO2/year). This translates to an excellent cost-effectiveness of $2.73/kg CO2 avoided, making it a strong choice for 'BALANCED' priority. Further emissions reductions from europe-north2 to europe-north2 are not applicable as it is already the cleanest option."
    },
    {
      "datetime": "2026-01-27 03:00",
      "region": "europe-north2",
      "carbon_intensity": 18,
      "transfer_cost_usd": 0.002,
      "emissions_grams": 0.07,
      "priority": 7,
      "reasoning": "Choosing europe-north2. europe-north2 costs $7.30/year more (vs us-east1: $0.00/year) but saves 2.82kg CO2/year (vs us-east1: 2.96kg CO2/year). This translates to an excellent cost-effectiveness of $2.59/kg CO2 avoided, making it a strong choice for 'BALANCED' priority. Further emissions reductions from europe-north2 to europe-north2 are not applicable as it is already the cleanest option."
    },
    {
      "datetime": "2026-01-26 15:00",
      "region": "europe-north2",
      "carbon_intensity": 18,
      "transfer_cost_usd": 0.002,
      "emissions_grams": 0.07,
      "priority": 8,
      "reasoning": "Choosing europe-north2. europe-north2 costs $7.30/year more (vs us-east1: $0.00/year) but saves 2.82kg CO2/year (vs us-east1: 2.96kg CO2/year). This translates to an excellent cost-effectiveness of $2.59/kg CO2 avoided, making it a strong choice for 'BALANCED' priority. Further emissions reductions from europe-north2 to europe-north2 are not applicable as it is already the cleanest option."
    },
    {
      "datetime": "2026-01-26 18:00",
      "region": "europe-north2",
      "carbon_intensity": 20,
      "transfer_cost_usd": 0.002,
      "emissions_grams": 0.07,
      "priority": 9,
      "reasoning": "Choosing europe-north2. europe-north2 costs $7.30/year more (vs us-east1: $0.00/year) but saves 2.81kg CO2/year (vs us-east1: 2.95kg CO2/year). This translates to an excellent cost-effectiveness of $2.60/kg CO2 avoided, making it a strong choice for 'BALANCED' priority. Further emissions reductions from europe-north2 to europe-north2 are not applicable as it is already the cleanest option."
    },
    {
      "datetime": "2026-01-27 08:00",
      "region": "europe-north2",
      "carbon_intensity": 20,
      "transfer_cost_usd": 0.002,
      "emissions_grams": 0.07,
      "priority": 10,
      "reasoning": "Choosing europe-north2. europe-north2 costs $7.30/year more (vs us-east1: $0.00/year) but saves 2.69kg CO2/year (vs us-east1: 2.83kg CO2/year). This translates to an excellent cost-effectiveness of $2.71/kg CO2 avoided, making it a strong choice for 'BALANCED' priority. Further emissions reductions from europe-north2 to europe-north2 are not applicable as it is already the cleanest option."
    },
    {
      "datetime": "2026-01-27 00:00",
      "region": "europe-north2",
      "carbon_intensity": 21,
      "transfer_cost_usd": 0.002,
      "emissions_grams": 0.07,
      "priority": 11,
      "reasoning": "Choosing europe-north2. europe-north2 costs $7.30/year more (vs us-east1: $0.00/year) but saves 3.02kg CO2/year (vs us-east1: 3.16kg CO2/year). This translates to an excellent cost-effectiveness of $2.42/kg CO2 avoided, making it a strong choice for 'BALANCED' priority. Further emissions reductions from europe-north2 to europe-north2 are not applicable as it is already the cleanest option."
    },
    {
      "datetime": "2026-01-27 01:00",
      "region": "europe-north2",
      "carbon_intensity": 21,
      "transfer_cost_usd": 0.002,
      "emissions_grams": 0.07,
      "priority": 12,
      "reasoning": "Choosing europe-north2. europe-north2 costs $7.30/year more (vs us-east1: $0.00/year) but saves 3.02kg CO2/year (vs us-east1: 3.16kg CO2/year). This translates to an excellent cost-effectiveness of $2.42/kg CO2 avoided, making it a strong choice for 'BALANCED' priority. Further emissions reductions from europe-north2 to europe-north2 are not applicable as it is already the cleanest option."
    },
    {
      "datetime": "2026-01-27 06:00",
      "region": "europe-north2",
      "carbon_intensity": 21,
      "transfer_cost_usd": 0.002,
      "emissions_grams": 0.07,
      "priority": 13,
      "reasoning": "Choosing europe-north2. europe-north2 costs $7.30/year more (vs us-east1: $0.00/year) but saves 2.97kg CO2/year (vs us-east1: 3.11kg CO2/year). This translates to an excellent cost-effectiveness of $2.46/kg CO2 avoided, making it a strong choice for 'BALANCED' priority. Further emissions reductions from europe-north2 to europe-north2 are not applicable as it is already the cleanest option."
    },
    {
      "datetime": "2026-01-26 13:00",
      "region": "northamerica-northeast1",
      "carbon_intensity": 33,
      "transfer_cost_usd": 0.0008,
      "emissions_grams": 0.11,
      "priority": 14,
      "reasoning": "Choosing northamerica-northeast1. northamerica-northeast1 costs $2.92/year more (vs us-east1: $0.00/year) but saves 8.35kg CO2/year (vs us-east1: 8.77kg CO2/year). This translates to an excellent cost-effectiveness of $0.35/kg CO2 avoided, making it a strong choice for 'BALANCED' priority. Further emissions reductions from northamerica-northeast1 to europe-north2 would cost an additional $4.38/year to save only 0.14kg CO2/year, resulting in a high cost of $31.29/kg CO2 avoided. This is not cost-effective enough for 'BALANCED' priority."
    },
    {
      "datetime": "2026-01-26 16:00",
      "region": "northamerica-northeast1",
      "carbon_intensity": 32,
      "transfer_cost_usd": 0.0008,
      "emissions_grams": 0.11,
      "priority": 15,
      "reasoning": "Choosing northamerica-northeast1. northamerica-northeast1 costs $2.92/year more (vs us-east1: $0.00/year) but saves 8.01kg CO2/year (vs us-east1: 8.08kg CO2/year). This translates to an excellent cost-effectiveness of $0.36/kg CO2 avoided, making it a strong choice for 'BALANCED' priority. Further emissions reductions from northamerica-northeast1 to europe-north2 would cost an additional $4.38/year to save only 0.13kg CO2/year, resulting in a high cost of $33.69/kg CO2 avoided. This is not cost-effective enough for 'BALANCED' priority."
    },
    {
      "datetime": "2026-01-27 11:00",
      "region": "northamerica-northeast1",
      "carbon_intensity": 38,
      "transfer_cost_usd": 0.0008,
      "emissions_grams": 0.11,
      "priority": 16,
      "reasoning": "Choosing northamerica-northeast1. northamerica-northeast1 costs $2.92/year more (vs us-east1: $0.00/year) but saves 8.41kg CO2/year (vs us-east1: 8.56kg CO2/year). This translates to an excellent cost-effectiveness of $0.35/kg CO2 avoided, making it a strong choice for 'BALANCED' priority. Further emissions reductions from northamerica-northeast1 to europe-north2 would cost an additional $4.38/year to save only 0.44kg CO2/year, resulting in a moderate cost of $9.95/kg CO2 avoided. This cost is higher but potentially acceptable for 'BALANCED' if the total cost was not already $7.30/year. However, europe-north2 offers significantly higher transfer costs for marginal additional savings."
    },
    {
      "datetime": "2026-01-27 09:00",
      "region": "northamerica-northeast1",
      "carbon_intensity": 38,
      "transfer_cost_usd": 0.0008,
      "emissions_grams": 0.11,
      "priority": 17,
      "reasoning": "Choosing northamerica-northeast1. northamerica-northeast1 costs $2.92/year more (vs us-east1: $0.00/year) but saves 8.76kg CO2/year (vs us-east1: 8.91kg CO2/year). This translates to an excellent cost-effectiveness of $0.33/kg CO2 avoided, making it a strong choice for 'BALANCED' priority. Further emissions reductions from northamerica-northeast1 to europe-north2 would cost an additional $4.38/year to save only 0.45kg CO2/year, resulting in a moderate cost of $9.63/kg CO2 avoided. This cost is higher but potentially acceptable for 'BALANCED' if the total cost was not already $7.30/year. However, europe-north2 offers significantly higher transfer costs for marginal additional savings."
    },
    {
      "datetime": "2026-01-27 12:00",
      "region": "northamerica-northeast1",
      "carbon_intensity": 37,
      "transfer_cost_usd": 0.0008,
      "emissions_grams": 0.11,
      "priority": 18,
      "reasoning": "Choosing northamerica-northeast1. northamerica-northeast1 costs $2.92/year more (vs us-east1: $0.00/year) but saves 8.27kg CO2/year (vs us-east1: 8.42kg CO2/year). This translates to an excellent cost-effectiveness of $0.35/kg CO2 avoided, making it a strong choice for 'BALANCED' priority. Further emissions reductions from northamerica-northeast1 to europe-north2 would cost an additional $4.38/year to save only 0.41kg CO2/year, resulting in a moderate cost of $10.68/kg CO2 avoided. This cost is higher but potentially acceptable for 'BALANCED' if the total cost was not already $7.30/year. However, europe-north2 offers significantly higher transfer costs for marginal additional savings."
    },
    {
      "datetime": "2026-01-27 07:00",
      "region": "northamerica-northeast1",
      "carbon_intensity": 35,
      "transfer_cost_usd": 0.0008,
      "emissions_grams": 0.11,
      "priority": 19,
      "reasoning": "Choosing northamerica-northeast1. northamerica-northeast1 costs $2.92/year more (vs us-east1: $0.00/year) but saves 8.07kg CO2/year (vs us-east1: 8.22kg CO2/year). This translates to an excellent cost-effectiveness of $0.36/kg CO2 avoided, making it a strong choice for 'BALANCED' priority. Further emissions reductions from northamerica-northeast1 to europe-north2 would cost an additional $4.38/year to save only 0.44kg CO2/year, resulting in a moderate cost of $9.95/kg CO2 avoided. This cost is higher but potentially acceptable for 'BALANCED' if the total cost was not already $7.30/year. However, europe-north2 offers significantly higher transfer costs for marginal additional savings."
    },
    {
      "datetime": "2026-01-26 19:00",
      "region": "northamerica-northeast1",
      "carbon_intensity": 39,
      "transfer_cost_usd": 0.0008,
      "emissions_grams": 0.11,
      "priority": 20,
      "reasoning": "Choosing northamerica-northeast1. northamerica-northeast1 costs $2.92/year more (vs us-east1: $0.00/year) but saves 7.82kg CO2/year (vs us-east1: 7.97kg CO2/year). This translates to an excellent cost-effectiveness of $0.37/kg CO2 avoided, making it a strong choice for 'BALANCED' priority. Further emissions reductions from northamerica-northeast1 to europe-north2 would cost an additional $4.38/year to save only 0.46kg CO2/year, resulting in a moderate cost of $9.52/kg CO2 avoided. This cost is higher but potentially acceptable for 'BALANCED' if the total cost was not already $7.30/year. However, europe-north2 offers significantly higher transfer costs for marginal additional savings."
    },
    {
      "datetime": "2026-01-27 10:00",
      "region": "northamerica-northeast1",
      "carbon_intensity": 34,
      "transfer_cost_usd": 0.0008,
      "emissions_grams": 0.11,
      "priority": 21,
      "reasoning": "Choosing northamerica-northeast1. northamerica-northeast1 costs $2.92/year more (vs us-east1: $0.00/year) but saves 7.55kg CO2/year (vs us-east1: 7.69kg CO2/year). This translates to an excellent cost-effectiveness of $0.39/kg CO2 avoided, making it a strong choice for 'BALANCED' priority. Further emissions reductions from northamerica-northeast1 to europe-north2 would cost an additional $4.38/year to save only 0.41kg CO2/year, resulting in a moderate cost of $10.68/kg CO2 avoided. This cost is higher but potentially acceptable for 'BALANCED' if the total cost was not already $7.30/year. However, europe-north2 offers significantly higher transfer costs for marginal additional savings."
    },
    {
      "datetime": "2026-01-26 20:00",
      "region": "northamerica-northeast1",
      "carbon_intensity": 38,
      "transfer_cost_usd": 0.0008,
      "emissions_grams": 0.11,
      "priority": 22,
      "reasoning": "Choosing northamerica-northeast1. northamerica-northeast1 costs $2.92/year more (vs us-east1: $0.00/year) but saves 7.42kg CO2/year (vs us-east1: 7.56kg CO2/year). This translates to an excellent cost-effectiveness of $0.39/kg CO2 avoided, making it a strong choice for 'BALANCED' priority. Further emissions reductions from northamerica-northeast1 to europe-north2 would cost an additional $4.38/year to save only 0.44kg CO2/year, resulting in a moderate cost of $9.95/kg CO2 avoided. This is not cost-effective enough for 'BALANCED' priority."
    },
    {
      "datetime": "2026-01-26 22:00",
      "region": "northamerica-northeast1",
      "carbon_intensity": 35,
      "transfer_cost_usd": 0.0008,
      "emissions_grams": 0.11,
      "priority": 23,
      "reasoning": "Choosing northamerica-northeast1. northamerica-northeast1 costs $2.92/year more (vs us-east1: $0.00/year) but saves 7.39kg CO2/year (vs us-east1: 7.53kg CO2/year). This translates to an excellent cost-effectiveness of $0.40/kg CO2 avoided, making it a strong choice for 'BALANCED' priority. Further emissions reductions from northamerica-northeast1 to europe-north2 would cost an additional $4.38/year to save only 0.41kg CO2/year, resulting in a moderate cost of $10.68/kg CO2 avoided. This is not cost-effective enough for 'BALANCED' priority."
    },
    {
      "datetime": "2026-01-27 00:00",
      "region": "us-east1",
      "carbon_intensity": 869,
      "transfer_cost_usd": 0.0,
      "emissions_grams": 2.59,
      "priority": 24,
      "reasoning": "Choosing us-east1. It has zero transfer cost and, for this hour, other regions do not offer sufficiently cost-effective carbon reductions to justify their increased transfer costs."
    }
  ],
  "metadata": {
    "generated_at": "2026-01-26T14:10:40.052203",
    "function_metadata": {
      "runtime_ms": 5600,
      "memory_mb": 2048,
      "data_input_gb": 0.034,
      "data_output_gb": 0.005,
      "source_location": "us-east1",
      "invocations_per_day": 10,
      "priority": "balanced",
      "latency_important": false,
      "gpu_required": false,
      "vcpus": null,
      "allowed_regions": [
        "europe-north2",
        "us-east1",
        "northamerica-northeast1",
        "us-central1",
        "europe-west1"
      ],
      "allow_schedule_caching": true,
      "function_id": "image_format_converter",
      "requirements": "Pillow>=10.0.0\ngoogle-cloud-storage>=2.0.0",
      "description": "Transforms uploaded images from PNG (or any byte stream) into WebP/alternative formats, creating tens of megabytes of transfer.",
      "code": "#!/usr/bin/env python3\n\"\"\"Autogenerated MCP bundle for image_format_converter (includes metrics wrapper).\"\"\"\nfrom __future__ import annotations\n\nimport json\nimport os\nimport time\nfrom typing import Any, Callable, Dict, Optional, Tuple\n\n# --- Metrics wrapper (from main.py) ---\nFunctionCallable = Callable[..., Any]\n\n_PROCESS_START_UNIX = time.time()\n\n_FIRST_INVOKE: dict[str, bool] = {}\n\ndef _safe_get_max_rss_kb() -> Optional[int]:\n    \"\"\"Best-effort max RSS in KB (Linux: ru_maxrss is KB).\"\"\"\n    try:\n        import resource  # stdlib on Linux\n\n        return int(resource.getrusage(resource.RUSAGE_SELF).ru_maxrss)\n    except Exception:\n        return None\n\ndef _estimate_request_bytes(request: Any) -> Optional[int]:\n    \"\"\"Estimate incoming request bytes without breaking downstream handlers.\"\"\"\n    try:\n        cl = getattr(request, \"content_length\", None)\n        if isinstance(cl, int) and cl >= 0:\n            return cl\n    except Exception:\n        pass\n\n    # Fall back to reading request body with caching enabled, so handlers can still read it.\n    try:\n        if hasattr(request, \"get_data\"):\n            data = request.get_data(cache=True)  # important: cache=True\n            if data is not None:\n                return int(len(data))\n    except Exception:\n        pass\n\n    return None\n\ndef _normalize_handler_return(rv: Any) -> Tuple[bytes, int, Dict[str, str]]:\n    \"\"\"\n    Normalize common Functions Framework return shapes:\n      - (body, status, headers)\n      - (body, status)\n      - body\n      - flask.Response-like object\n    \"\"\"\n    body: Any = rv\n    status: int = 200\n    headers: Dict[str, str] = {}\n\n    # Tuple/list return\n    if isinstance(rv, (tuple, list)):\n        if len(rv) >= 1:\n            body = rv[0]\n        if len(rv) >= 2 and rv[1] is not None:\n            try:\n                status = int(rv[1])\n            except Exception:\n                status = 200\n        if len(rv) >= 3 and isinstance(rv[2], dict):\n            headers = {str(k): str(v) for k, v in rv[2].items()}\n\n    # flask.Response-like\n    if hasattr(body, \"get_data\") and callable(getattr(body, \"get_data\")):\n        try:\n            data = body.get_data()  # bytes\n            st = getattr(body, \"status_code\", None)\n            if isinstance(st, int):\n                status = st\n            hdrs = getattr(body, \"headers\", None)\n            if hdrs is not None:\n                try:\n                    headers = {str(k): str(v) for k, v in dict(hdrs).items()}\n                except Exception:\n                    pass\n            return bytes(data), status, headers\n        except Exception:\n            pass\n\n    # Body encoding\n    if body is None:\n        body_bytes = b\"\"\n    elif isinstance(body, (bytes, bytearray)):\n        body_bytes = bytes(body)\n    elif isinstance(body, str):\n        body_bytes = body.encode(\"utf-8\", errors=\"replace\")\n    elif isinstance(body, (dict, list)):\n        body_bytes = json.dumps(body, ensure_ascii=False).encode(\"utf-8\")\n    else:\n        body_bytes = str(body).encode(\"utf-8\", errors=\"replace\")\n\n    return body_bytes, status, headers\n\ndef _sanitize_response_json_for_logs(parsed: Any) -> Optional[dict]:\n    \"\"\"\n    If response is JSON, keep small metadata fields but avoid logging huge blobs (base64, etc.).\n    \"\"\"\n    if not isinstance(parsed, dict):\n        return None\n\n    drop_keys = {\n        \"converted_image\",\n        \"processed_data\",\n        \"converted_image_base64\",\n        \"processed_data_base64\",\n    }  # large base64 fields in your samples\n    out: dict[str, Any] = {}\n\n    for k, v in parsed.items():\n        if k in drop_keys:\n            continue\n        # Avoid very large strings in logs\n        if isinstance(v, str) and len(v) > 512:\n            out[k] = v[:512] + \"...(truncated)\"\n        else:\n            out[k] = v\n    return out\n\ndef _emit_metrics_log(line: dict) -> None:\n    \"\"\"\n    Emit one structured JSON log line to stdout.\n    Cloud Run/Cloud Logging will ingest it as a structured payload.\n    \"\"\"\n    try:\n        print(json.dumps(line, ensure_ascii=False))\n    except Exception:\n        # Best-effort fallback\n        print(str(line))\n\ndef _with_metrics(function_id: str, handler: FunctionCallable) -> FunctionCallable:\n    \"\"\"Wrap a Functions Framework handler with timing/size/memory instrumentation.\"\"\"\n\n    def _wrapped(*args: Any, **kwargs: Any) -> Any:\n        request = args[0] if args else kwargs.get(\"request\")\n\n        cold_start = not _FIRST_INVOKE.get(function_id, False)\n        _FIRST_INVOKE[function_id] = True\n\n        req_bytes = _estimate_request_bytes(request)\n\n        wall_t0 = time.perf_counter()\n        cpu_t0 = time.process_time()\n\n        error: Optional[str] = None\n        error_type: Optional[str] = None\n        rv: Any = None\n\n        try:\n            rv = handler(*args, **kwargs)\n        except Exception as exc:\n            error_type = type(exc).__name__\n            error = str(exc)\n            raise\n        finally:\n            wall_t1 = time.perf_counter()\n            cpu_t1 = time.process_time()\n\n            body_bytes: bytes = b\"\"\n            status_code: Optional[int] = None\n            resp_bytes: Optional[int] = None\n            resp_meta: Optional[dict] = None\n\n            try:\n                body_bytes, status_code, _headers = _normalize_handler_return(rv)\n                resp_bytes = len(body_bytes)\n\n                # If body looks like JSON, parse and keep a sanitized subset for logs\n                try:\n                    parsed = json.loads(body_bytes.decode(\"utf-8\", errors=\"replace\"))\n                    resp_meta = _sanitize_response_json_for_logs(parsed)\n                except Exception:\n                    resp_meta = None\n            except Exception:\n                # Never let metrics break the request path.\n                pass\n\n            log_line = {\n                \"type\": \"invocation_metrics\",\n                \"function_id\": function_id,\n                \"cold_start\": cold_start,\n                \"process_uptime_s\": round(time.time() - _PROCESS_START_UNIX, 3),\n                \"wall_ms\": round((wall_t1 - wall_t0) * 1000.0, 3),\n                \"cpu_ms\": round((cpu_t1 - cpu_t0) * 1000.0, 3),\n                \"max_rss_kb\": _safe_get_max_rss_kb(),\n                \"request_bytes\": req_bytes,\n                \"response_bytes\": resp_bytes,\n                \"status_code\": status_code,\n                \"error_type\": error_type,\n                \"error\": error,\n                # Helpful Cloud Run env metadata (if present)\n                \"k_service\": os.getenv(\"K_SERVICE\"),\n                \"k_revision\": os.getenv(\"K_REVISION\"),\n                \"k_configuration\": os.getenv(\"K_CONFIGURATION\"),\n                # Optional: request metadata (best-effort)\n                \"http_method\": getattr(request, \"method\", None),\n                \"http_path\": getattr(request, \"path\", None),\n            }\n            if resp_meta is not None:\n                log_line[\"response_meta\"] = resp_meta\n\n            _emit_metrics_log(log_line)\n\n        return rv\n\n    _wrapped.__name__ = getattr(handler, \"__name__\", function_id)\n    _wrapped.__doc__ = getattr(handler, \"__doc__\", None)\n    return _wrapped\n\n# --- Handler module code ---\n\"\"\"Image converter for evaluation runs.\n\nEvaluation improvements:\n- Default behavior writes converted output to GCS and returns only metadata + output URI.\n- Inline (base64) output is still available via `return_inline: true` for debugging.\n\nInputs supported (JSON only):\n- base64 field `data`\n- pointer: `gcs_uri=gs://bucket/path` or (`bucket`, `object`)\n\nRequest JSON (selected fields):\n- format / output_format: e.g. WEBP, PNG, JPEG (default: WEBP)\n- quality: 30..100 (default: 80)\n- return_inline: bool (default: false)\n- output_gcs_uri: gs://bucket/path (optional)\n- output_bucket / output_object: alternative output location (optional)\n- output_prefix: if output not specified and input came from GCS or DEFAULT_OUTPUT_BUCKET is set,\n  write to {bucket}/{output_prefix}/<uuid>.<ext> (default prefix: eval_outputs/image_format_converter)\n\nEnvironment variables (optional):\n- DEFAULT_OUTPUT_BUCKET: bucket used if output location is not provided and input is not from GCS\n- DEFAULT_OUTPUT_PREFIX_IMAGE: default output prefix (default: eval_outputs/image_format_converter)\n- MAX_INLINE_MB: inline response limit in MB (default: 16)\n\"\"\"\n\n\nimport base64\nimport binascii\nimport io\nimport json\nimport os\nimport uuid\nfrom typing import Dict, Optional, Tuple\n\nimport functions_framework\nfrom google.cloud import storage\nfrom PIL import Image\n\n_STORAGE_CLIENT: Optional[storage.Client] = None\n_MAX_INLINE_BYTES: int = 16 * 1024 * 1024\n\ntry:\n    _MAX_INLINE_BYTES = max(1, int(os.getenv(\"MAX_INLINE_MB\", \"16\"))) * 1024 * 1024\nexcept Exception:\n    _MAX_INLINE_BYTES = 16 * 1024 * 1024\n\n_DEFAULT_OUTPUT_BUCKET = os.getenv(\"DEFAULT_OUTPUT_BUCKET\", \"\").strip() or None\n_DEFAULT_OUTPUT_PREFIX = os.getenv(\n    \"DEFAULT_OUTPUT_PREFIX_IMAGE\", \"eval_outputs/image_format_converter\"\n).strip()\n\n\ndef _parse_gcs_uri(uri: Optional[str]) -> Optional[Tuple[str, str]]:\n    if not uri:\n        return None\n    if uri.startswith(\"gs://\"):\n        uri = uri[5:]\n    parts = uri.split(\"/\", 1)\n    if len(parts) == 2 and parts[0] and parts[1]:\n        return parts[0], parts[1]\n    return None\n\n\ndef _get_storage_client() -> storage.Client:\n    global _STORAGE_CLIENT\n    if _STORAGE_CLIENT is None:\n        _STORAGE_CLIENT = storage.Client()\n    return _STORAGE_CLIENT\n\n\ndef _download_from_bucket(bucket_name: str, object_path: str) -> bytes:\n    bucket = _get_storage_client().bucket(bucket_name)\n    blob = bucket.blob(object_path)\n    return blob.download_as_bytes()\n\n\ndef _upload_to_bucket(bucket_name: str, object_path: str, data: bytes, content_type: str) -> str:\n    bucket = _get_storage_client().bucket(bucket_name)\n    blob = bucket.blob(object_path)\n    blob.upload_from_string(data, content_type=content_type)\n    return f\"gs://{bucket_name}/{object_path}\"\n\n\ndef _load_image_bytes(payload: dict) -> Tuple[bytes, Optional[str]]:\n    \"\"\"Return (bytes, input_gcs_uri_if_any).\"\"\"\n    encoded = payload.get(\"data\")\n    if isinstance(encoded, str):\n        try:\n            return base64.b64decode(encoded, validate=True), None\n        except (ValueError, binascii.Error):\n            raise ValueError(\"Invalid base64 in `data`.\")\n\n    gcs_location = _parse_gcs_uri(payload.get(\"gcs_uri\"))\n    bucket = payload.get(\"bucket\")\n    object_path = payload.get(\"object\")\n    if gcs_location:\n        bucket, object_path = gcs_location\n    if bucket and object_path:\n        return _download_from_bucket(str(bucket), str(object_path)), f\"gs://{bucket}/{object_path}\"\n\n    raise ValueError(\n        \"Send JSON with base64 `data`, or specify `bucket`/`object` or `gcs_uri=gs://bucket/path`.\"\n    )\n\n\ndef _pick_output_location(payload: dict, input_gcs_uri: Optional[str], ext: str) -> Tuple[str, str]:\n    # Explicit output_gcs_uri\n    out_gcs = payload.get(\"output_gcs_uri\") or payload.get(\"output_gcs\")\n    parsed = _parse_gcs_uri(out_gcs) if isinstance(out_gcs, str) else None\n    if parsed:\n        return parsed\n\n    # Explicit output_bucket/object\n    out_bucket = payload.get(\"output_bucket\")\n    out_object = payload.get(\"output_object\")\n    if out_bucket and out_object:\n        return str(out_bucket), str(out_object)\n\n    # Derive from input bucket if possible\n    derived_bucket: Optional[str] = None\n    if input_gcs_uri:\n        parsed_in = _parse_gcs_uri(input_gcs_uri)\n        if parsed_in:\n            derived_bucket = parsed_in[0]\n    if not derived_bucket:\n        derived_bucket = _DEFAULT_OUTPUT_BUCKET\n\n    if not derived_bucket:\n        raise ValueError(\n            \"No output location specified. Provide `output_gcs_uri` or (`output_bucket`,`output_object`), \"\n            \"or set DEFAULT_OUTPUT_BUCKET env var, or provide input via GCS so output can be derived.\"\n        )\n\n    prefix = str(payload.get(\"output_prefix\") or _DEFAULT_OUTPUT_PREFIX).strip().strip(\"/\")\n    object_path = f\"{prefix}/{uuid.uuid4().hex}.{ext}\"\n    return derived_bucket, object_path\n\n\n@functions_framework.http\ndef image_format_converter(request) -> tuple[str, int, Dict[str, str]]:\n    \"\"\"Convert uploaded image bytes into the requested format.\"\"\"\n    payload = request.get_json(silent=True)\n    if not isinstance(payload, dict):\n        return json.dumps({\"error\": \"Expected a JSON object payload.\"}), 400, {\"Content-Type\": \"application/json\"}\n\n    # Accept both keys for compatibility.\n    target_format = str(payload.get(\"format\", payload.get(\"output_format\", \"WEBP\"))).upper()\n    quality = int(payload.get(\"quality\", 80))\n    quality = max(30, min(quality, 100))\n\n    return_inline = bool(payload.get(\"return_inline\", False))\n\n    try:\n        input_bytes, input_gcs_uri = _load_image_bytes(payload)\n    except ValueError as error:\n        return json.dumps({\"error\": str(error)}), 400, {\"Content-Type\": \"application/json\"}\n\n    try:\n        image = Image.open(io.BytesIO(input_bytes))\n    except Exception as error:\n        return json.dumps({\"error\": f\"Failed to decode image: {error}\"}), 400, {\"Content-Type\": \"application/json\"}\n\n    output_buffer = io.BytesIO()\n    try:\n        image.save(output_buffer, format=target_format, quality=quality)\n    except Exception as error:\n        return (\n            json.dumps({\"error\": f\"Failed to encode image as {target_format}: {error}\"}),\n            400,\n            {\"Content-Type\": \"application/json\"},\n        )\n\n    output_bytes = output_buffer.getvalue()\n\n    response: dict = {\n        \"scenario\": \"Short runtime + Large data\",\n        \"format\": target_format,\n        \"quality\": quality,\n        \"input_bytes\": len(input_bytes),\n        \"output_bytes\": len(output_bytes),\n        \"input_size_mb\": round(len(input_bytes) / (1024 * 1024), 4),\n        \"output_size_mb\": round(len(output_bytes) / (1024 * 1024), 4),\n        \"input_gcs_uri\": input_gcs_uri,\n        \"return_inline\": return_inline,\n    }\n\n    if return_inline:\n        if len(output_bytes) > _MAX_INLINE_BYTES:\n            return (\n                json.dumps(\n                    {\n                        \"error\": \"Inline response too large.\",\n                        \"hint\": \"Use GCS output or lower the input size.\",\n                        \"max_inline_bytes\": _MAX_INLINE_BYTES,\n                    }\n                ),\n                413,\n                {\"Content-Type\": \"application/json\"},\n            )\n        # Debug mode only (can be large).\n        response[\"converted_image_base64\"] = base64.b64encode(output_bytes).decode(\"utf-8\")\n        return json.dumps(response), 200, {\"Content-Type\": \"application/json\"}\n\n    # Evaluation mode: write output to GCS and return URI + metadata.\n    ext = target_format.lower()\n    if ext == \"jpeg\":\n        ext = \"jpg\"\n\n    try:\n        out_bucket, out_object = _pick_output_location(payload, input_gcs_uri, ext)\n        content_type = f\"image/{'jpeg' if ext == 'jpg' else ext}\"\n        output_gcs_uri = _upload_to_bucket(out_bucket, out_object, output_bytes, content_type=content_type)\n        response[\"output_gcs_uri\"] = output_gcs_uri\n        response[\"output_bucket\"] = out_bucket\n        response[\"output_object\"] = out_object\n    except ValueError as error:\n        return (\n            json.dumps(\n                {\n                    \"error\": str(error),\n                    \"hint\": \"Set output_gcs_uri or output_bucket/output_object or DEFAULT_OUTPUT_BUCKET.\",\n                }\n            ),\n            400,\n            {\"Content-Type\": \"application/json\"},\n        )\n    except Exception as error:\n        return json.dumps({\"error\": f\"Failed to upload output to GCS: {error}\"}), 500, {\"Content-Type\": \"application/json\"}\n\n    return json.dumps(response), 200, {\"Content-Type\": \"application/json\"}\n\n# --- Wrapped entrypoints ---\n_raw_handler = image_format_converter\nimage_format_converter = _with_metrics(\"image_format_converter\", _raw_handler)\n\ndef main(request):\n    return image_format_converter(request)\n"
    },
    "regions_used": [
      "us-east1",
      "northamerica-northeast1",
      "europe-north2",
      "us-central1",
      "europe-west1"
    ],
    "metadata_hash": "55a60727b06871172552347221fc1b322c1154c66ba76b6cba1245f1b18ca2fb",
    "created_at": "2026-01-26T14:10:40.052211"
  }
}